<?xml version="1.0" encoding="UTF-8"?><collection xmlns="http://www.loc.gov/MARC21/slim"><record><leader>00627nam--2200193-i-4500</leader><controlfield tag="001">000050075</controlfield><controlfield tag="002">20161230</controlfield><controlfield tag="005">20170107115138</controlfield><controlfield tag="008">060222s1000------------r-----000-0-eng-d</controlfield><datafield ind1=" " ind2=" " tag="020"><subfield code="a">9971500027</subfield></datafield><datafield ind1=" " ind2=" " tag="040"><subfield code="a">IFIN-HH</subfield></datafield><datafield ind1=" " ind2=" " tag="080"><subfield code="a">538.9(061.3)</subfield></datafield><datafield ind1="1" ind2=" " tag="100"><subfield code="a">Koll©Łr, J©Łnos</subfield></datafield><datafield ind1="1" ind2="0" tag="245"><subfield code="a">Phonon physics</subfield><subfield code="b">Proceedings of the Second International Conference on Phonon Physics August 26-31, 1985, Budapest, Hungary</subfield><subfield code="c">J. Kollar, N. Kroo, N. Menyhard, T. Siklos (eds.)</subfield></datafield><datafield ind1=" " ind2=" " tag="260"><subfield code="a">Singapore</subfield><subfield code="b">World Scientific</subfield><subfield code="c">1985</subfield></datafield><datafield ind1=" " ind2=" " tag="300"><subfield code="a">XXIII+998 p</subfield></datafield><datafield ind1="1" ind2=" " tag="700"><subfield code="a">Sikl©đs, T</subfield><subfield code="e">Ed</subfield></datafield><datafield ind1=" " ind2=" " tag="852"><subfield code="a">79102</subfield><subfield code="c">539.2</subfield></datafield><datafield ind1=" " ind2=" " tag="CAT"><subfield code="a">SYS</subfield><subfield code="c">20170107</subfield><subfield code="h">115138</subfield></datafield></record></collection>